<record><leader>00000cas a22000007a 4500</leader><controlfield tag="001">14561603</controlfield><controlfield tag="008">861029d19051927iaudr ne      0    0eng d</controlfield><controlfield tag="009">5087</controlfield><datafield ind1=" " ind2=" " tag="010"><subfield code="a">sn 86061152 </subfield></datafield><datafield ind1=" " ind2=" " tag="040"><subfield code="a">INP</subfield><subfield code="b">eng</subfield><subfield code="c">INP</subfield><subfield code="d">DLC</subfield><subfield code="d">INP</subfield><subfield code="d">DLC</subfield><subfield code="d">OCLCF</subfield></datafield><datafield ind1="1" ind2=" " tag="029"><subfield code="a">AU@</subfield><subfield code="b">000020439115</subfield></datafield><datafield ind1=" " ind2=" " tag="042"><subfield code="a">msc</subfield></datafield><datafield ind1=" " ind2=" " tag="043"><subfield code="a">n-us-ia</subfield></datafield><datafield ind1="0" ind2="0" tag="050"><subfield code="a">Newspaper</subfield></datafield><datafield ind1="0" ind2=" " tag="130"><subfield code="a">Telegraph-herald (Dubuque, Iowa : 1905)</subfield></datafield><datafield ind1="1" ind2="4" tag="245"><subfield code="a">The telegraph-herald.</subfield></datafield><datafield ind1="3" ind2=" " tag="246"><subfield code="a">Telegraph herald</subfield></datafield><datafield ind1="1" ind2="7" tag="246"><subfield code="a">Dubuque telegraph-herald</subfield></datafield><datafield ind1="3" ind2=" " tag="246"><subfield code="a">Dubuque telegraph herald</subfield></datafield><datafield ind1=" " ind2=" " tag="260"><subfield code="a">Dubuque, Iowa :</subfield><subfield code="b">Telegraph-Herald,</subfield><subfield code="c">1905-1927.</subfield></datafield><datafield ind1=" " ind2=" " tag="300"><subfield code="a">18 v.</subfield></datafield><datafield ind1=" " ind2=" " tag="310"><subfield code="a">Daily</subfield></datafield><datafield ind1="0" ind2=" " tag="362"><subfield code="a">Vol. 62, no. 104 (Apr. 19, 1905)-v. 79, no. 66 (Apr. 2, 1927).</subfield></datafield><datafield ind1=" " ind2=" " tag="500"><subfield code="a">"Official paper of city and county."</subfield></datafield><datafield ind1=" " ind2=" " tag="515"><subfield code="a">Two editions daily, &lt;Mar. 25, 1911&gt;-Apr. 2, 1927.</subfield></datafield><datafield ind1=" " ind2=" " tag="530"><subfield code="a">Available on microfilm from Bell &amp; Howell Information and Learning.</subfield></datafield><datafield ind1=" " ind2=" " tag="580"><subfield code="a">Merged with: Dubuque-times journal, to become: Telegraph herald and times journal.</subfield></datafield><datafield ind1=" " ind2="0" tag="651"><subfield code="a">Dubuque (Iowa)</subfield><subfield code="v">Newspapers.</subfield></datafield><datafield ind1=" " ind2="0" tag="651"><subfield code="a">Dubuque County (Iowa)</subfield><subfield code="v">Newspapers.</subfield></datafield><datafield ind1=" " ind2="7" tag="655"><subfield code="a">Newspapers.</subfield><subfield code="2">fast</subfield><subfield code="0">(OCoLC)fst01423814</subfield></datafield><datafield ind1=" " ind2="7" tag="651"><subfield code="a">Iowa</subfield><subfield code="z">Dubuque.</subfield><subfield code="2">fast</subfield><subfield code="0">(OCoLC)fst01217313</subfield></datafield><datafield ind1=" " ind2="7" tag="651"><subfield code="a">Iowa</subfield><subfield code="z">Dubuque County.</subfield><subfield code="2">fast</subfield><subfield code="0">(OCoLC)fst01212637</subfield></datafield><datafield ind1=" " ind2=" " tag="752"><subfield code="a">United States</subfield><subfield code="b">Iowa</subfield><subfield code="c">Dubuque</subfield><subfield code="d">Dubuque.</subfield></datafield><datafield ind1="0" ind2=" " tag="775"><subfield code="t">Dubuque morning telegraph</subfield><subfield code="w">(DLC)sn 86061154</subfield><subfield code="w">(OCOLC)14561663</subfield><subfield code="g">Apr. 19-&lt;Dec. 20, 1905&gt;</subfield></datafield><datafield ind1="0" ind2=" " tag="775"><subfield code="t">Dubuque telegraph-herald (Dubuque, Iowa : 1901 : Semiweekly)</subfield><subfield code="g">Apr. 1905-&lt;1916&gt;</subfield></datafield><datafield ind1="0" ind2="0" tag="780"><subfield code="t">Dubuque telegraph-herald (Dubuque, Iowa : 1901 : Daily)</subfield><subfield code="w">(DLC)sn 86061151</subfield><subfield code="w">(OCoLC)14561487</subfield></datafield><datafield ind1="0" ind2="5" tag="780"><subfield code="t">Dubuque morning telegraph</subfield><subfield code="w">(DLC)sn 86061154</subfield><subfield code="w">(OCoLC)14561763</subfield></datafield><datafield ind1="1" ind2="7" tag="785"><subfield code="t">Dubuque times-journal</subfield><subfield code="w">(DLC)sn 82016155</subfield><subfield code="w">(OCoLC)9171768</subfield></datafield><datafield ind1="1" ind2="7" tag="785"><subfield code="t">Telegraph-herald and times-journal</subfield><subfield code="w">(DLC)sn 86061155</subfield><subfield code="w">(OCoLC)14575679</subfield></datafield></record>